@article{FBPConvNet,
  author  = {Jin, Kyong Hwan and McCann, Michael T. and Froustey, Emmanuel and Unser, Michael},
  journal = {IEEE Transactions on Image Processing},
  title   = {Deep Convolutional Neural Network for Inverse Problems in Imaging},
  year    = {2017},
  volume  = {26},
  number  = {9},
  pages   = {4509-4522},
  doi     = {10.1109/TIP.2017.2713099}
}

@inproceedings{ronneberger2015u,
  title        = {U-net: Convolutional networks for biomedical image segmentation},
  author       = {Ronneberger, Olaf and Fischer, Philipp and Brox, Thomas},
  booktitle    = {International Conference on Medical image computing and computer-assisted intervention},
  pages        = {234--241},
  year         = {2015},
  organization = {Springer}
}

 @misc{radonimg,
  title   = {Instruction for the advanced lab course (FOPRA)},
  url     = {https://www.ph.tum.de/academics/org/labs/fopra/?language=en},
  journal = {Physics Department, TUM | Advanced Lab Course}
}

@article{TV,
  title     = {Fast 3D reconstruction method for differential phase contrast X-ray CT},
  author    = {McCann, Michael T and Nilchian, Masih and Stampanoni, Marco and Unser, Michael},
  journal   = {Optics express},
  volume    = {24},
  number    = {13},
  pages     = {14564--14581},
  year      = {2016},
  publisher = {Optica Publishing Group}
}

@inproceedings{ISTAnew,
  title={Learning fast approximations of sparse coding},
  author={Gregor, Karol and LeCun, Yann},
  booktitle={Proceedings of the 27th international conference on international conference on machine learning},
  pages={399--406},
  year={2010}
}

@article{ISTA,
  title={An iterative thresholding algorithm for linear inverse problems with a sparsity constraint},
  author={Daubechies, Ingrid and Defrise, Michel and De Mol, Christine},
  journal={Communications on Pure and Applied Mathematics: A Journal Issued by the Courant Institute of Mathematical Sciences},
  volume={57},
  number={11},
  pages={1413--1457},
  year={2004},
  publisher={Wiley Online Library}
}

 @misc{kooi_2021, title={Photometric data augmentation in projection radiography}, url={https://medium.com/lunit/photometric-data-augmentation-in-projection-radiography-bed3ae9f55c3}, journal={Medium}, publisher={Lunit Team Blog}, author={Kooi, Thijs}, year={2021}, month={Apr}}

 @inproceedings{vedaldi2015matconvnet,
  title={Matconvnet: Convolutional neural networks for matlab},
  author={Vedaldi, Andrea and Lenc, Karel},
  booktitle={Proceedings of the 23rd ACM international conference on Multimedia},
  pages={689--692},
  year={2015}
} 



@article{SYNAPSE, author={SYNAPSE}, title={Segmentation Outside the Cranial Vault Challenge}, url={https://repo-prod.prod.sagebase.org/repo/v1/doi/locate?id=syn3193805&type=ENTITY}, DOI={10.7303/SYN3193805}, publisher={Synapse}, author={(Author Name Not Available)}, year={2015} }
